%YAML 1.1
%TAG !u! tag:unity3d.com,2011:
--- !u!29 &1
OcclusionCullingSettings:
  m_ObjectHideFlags: 0
  serializedVersion: 2
  m_OcclusionBakeSettings:
    smallestOccluder: 5
    smallestHole: 0.25
    backfaceThreshold: 100
  m_SceneGUID: 00000000000000000000000000000000
  m_OcclusionCullingData: {fileID: 0}
--- !u!104 &2
RenderSettings:
  m_ObjectHideFlags: 0
  serializedVersion: 9
  m_Fog: 0
  m_FogColor: {r: 0.5, g: 0.5, b: 0.5, a: 1}
  m_FogMode: 3
  m_FogDensity: 0.01
  m_LinearFogStart: 0
  m_LinearFogEnd: 300
  m_AmbientSkyColor: {r: 0.39572415, g: 0.46237242, b: 0.60400003, a: 1}
  m_AmbientEquatorColor: {r: 0.114, g: 0.125, b: 0.133, a: 1}
  m_AmbientGroundColor: {r: 0.047, g: 0.043, b: 0.035, a: 1}
  m_AmbientIntensity: 0.8
  m_AmbientMode: 0
  m_SubtractiveShadowColor: {r: 0.42, g: 0.478, b: 0.627, a: 1}
  m_SkyboxMaterial: {fileID: 2100000, guid: a63f6b778558eac49bf8694545830054, type: 2}
  m_HaloStrength: 0.5
  m_FlareStrength: 1
  m_FlareFadeSpeed: 3
  m_HaloTexture: {fileID: 0}
  m_SpotCookie: {fileID: 10001, guid: 0000000000000000e000000000000000, type: 0}
  m_DefaultReflectionMode: 0
  m_DefaultReflectionResolution: 128
  m_ReflectionBounces: 1
  m_ReflectionIntensity: 1
  m_CustomReflection: {fileID: 0}
  m_Sun: {fileID: 0}
  m_IndirectSpecularColor: {r: 0.7279943, g: 0.7869609, b: 0.85056126, a: 1}
  m_UseRadianceAmbientProbe: 0
--- !u!157 &3
LightmapSettings:
  m_ObjectHideFlags: 0
  serializedVersion: 12
  m_GIWorkflowMode: 1
  m_GISettings:
    serializedVersion: 2
    m_BounceScale: 1
    m_IndirectOutputScale: 1
    m_AlbedoBoost: 1
    m_EnvironmentLightingMode: 0
    m_EnableBakedLightmaps: 1
    m_EnableRealtimeLightmaps: 0
  m_LightmapEditorSettings:
    serializedVersion: 12
    m_Resolution: 2
    m_BakeResolution: 40
    m_AtlasSize: 1024
    m_AO: 0
    m_AOMaxDistance: 1
    m_CompAOExponent: 1
    m_CompAOExponentDirect: 0
    m_ExtractAmbientOcclusion: 0
    m_Padding: 2
    m_LightmapParameters: {fileID: 0}
    m_LightmapsBakeMode: 1
    m_TextureCompression: 1
    m_FinalGather: 0
    m_FinalGatherFiltering: 1
    m_FinalGatherRayCount: 256
    m_ReflectionCompression: 2
    m_MixedBakeMode: 2
    m_BakeBackend: 1
    m_PVRSampling: 1
    m_PVRDirectSampleCount: 32
    m_PVRSampleCount: 512
    m_PVRBounces: 2
    m_PVREnvironmentSampleCount: 256
    m_PVREnvironmentReferencePointCount: 2048
    m_PVRFilteringMode: 1
    m_PVRDenoiserTypeDirect: 1
    m_PVRDenoiserTypeIndirect: 1
    m_PVRDenoiserTypeAO: 1
    m_PVRFilterTypeDirect: 0
    m_PVRFilterTypeIndirect: 0
    m_PVRFilterTypeAO: 0
    m_PVREnvironmentMIS: 1
    m_PVRCulling: 1
    m_PVRFilteringGaussRadiusDirect: 1
    m_PVRFilteringGaussRadiusIndirect: 5
    m_PVRFilteringGaussRadiusAO: 2
    m_PVRFilteringAtrousPositionSigmaDirect: 0.5
    m_PVRFilteringAtrousPositionSigmaIndirect: 2
    m_PVRFilteringAtrousPositionSigmaAO: 1
    m_ExportTrainingData: 0
    m_TrainingDataDestination: TrainingData
    m_LightProbeSampleCountMultiplier: 4
  m_LightingDataAsset: {fileID: 112000000, guid: 18f6c51c6f8701f439c1c3b5b8b72fe5, type: 2}
  m_LightingSettings: {fileID: 4890085278179872738, guid: 2e4ff8ed96d56974298e1df2e625f2c5, type: 2}
--- !u!196 &4
NavMeshSettings:
  serializedVersion: 2
  m_ObjectHideFlags: 0
  m_BuildSettings:
    serializedVersion: 2
    agentTypeID: 0
    agentRadius: 0.5
    agentHeight: 2
    agentSlope: 45
    agentClimb: 0.4
    ledgeDropHeight: 0
    maxJumpAcrossDistance: 0
    minRegionArea: 2
    manualCellSize: 0
    cellSize: 0.16666667
    manualTileSize: 0
    tileSize: 256
    accuratePlacement: 0
    maxJobWorkers: 0
    preserveTilesOutsideBounds: 0
    debug:
      m_Flags: 0
  m_NavMeshData: {fileID: 0}
--- !u!114 &13302157 stripped
MonoBehaviour:
  m_CorrespondingSourceObject: {fileID: 2200253898211077648, guid: 58bf3d2d71c245b4ca3cae206c2a7ee7, type: 3}
  m_PrefabInstance: {fileID: 2200253898206271389}
  m_PrefabAsset: {fileID: 0}
  m_GameObject: {fileID: 0}
  m_Enabled: 1
  m_EditorHideFlags: 0
  m_Script: {fileID: 11500000, guid: 5f7201a12d95ffc409449d95f23cf332, type: 3}
  m_Name: 
  m_EditorClassIdentifier: 
--- !u!1 &34261724
GameObject:
  m_ObjectHideFlags: 0
  m_CorrespondingSourceObject: {fileID: 0}
  m_PrefabInstance: {fileID: 0}
  m_PrefabAsset: {fileID: 0}
  serializedVersion: 6
  m_Component:
  - component: {fileID: 34261725}
  - component: {fileID: 34261729}
  - component: {fileID: 34261728}
  - component: {fileID: 34261727}
  - component: {fileID: 34261726}
  m_Layer: 0
  m_Name: Cube
  m_TagString: Untagged
  m_Icon: {fileID: 0}
  m_NavMeshLayer: 0
  m_StaticEditorFlags: 0
  m_IsActive: 1
--- !u!4 &34261725
Transform:
  m_ObjectHideFlags: 0
  m_CorrespondingSourceObject: {fileID: 0}
  m_PrefabInstance: {fileID: 0}
  m_PrefabAsset: {fileID: 0}
  m_GameObject: {fileID: 34261724}
  m_LocalRotation: {x: -0, y: -0, z: -0, w: 1}
  m_LocalPosition: {x: 0, y: 0.05, z: 0}
  m_LocalScale: {x: 3, y: 0.1, z: 1}
  m_Children: []
  m_Father: {fileID: 1093760442}
  m_RootOrder: 0
  m_LocalEulerAnglesHint: {x: 0, y: 0, z: 0}
--- !u!54 &34261726
Rigidbody:
  m_ObjectHideFlags: 0
  m_CorrespondingSourceObject: {fileID: 0}
  m_PrefabInstance: {fileID: 0}
  m_PrefabAsset: {fileID: 0}
  m_GameObject: {fileID: 34261724}
  serializedVersion: 2
  m_Mass: 1
  m_Drag: 0
  m_AngularDrag: 0.05
  m_UseGravity: 1
  m_IsKinematic: 1
  m_Interpolate: 0
  m_Constraints: 0
  m_CollisionDetection: 0
--- !u!65 &34261727
BoxCollider:
  m_ObjectHideFlags: 0
  m_CorrespondingSourceObject: {fileID: 0}
  m_PrefabInstance: {fileID: 0}
  m_PrefabAsset: {fileID: 0}
  m_GameObject: {fileID: 34261724}
  m_Material: {fileID: 0}
  m_IsTrigger: 0
  m_Enabled: 1
  serializedVersion: 2
  m_Size: {x: 1, y: 1, z: 1}
  m_Center: {x: 0, y: 0, z: 0}
--- !u!23 &34261728
MeshRenderer:
  m_ObjectHideFlags: 0
  m_CorrespondingSourceObject: {fileID: 0}
  m_PrefabInstance: {fileID: 0}
  m_PrefabAsset: {fileID: 0}
  m_GameObject: {fileID: 34261724}
  m_Enabled: 1
  m_CastShadows: 1
  m_ReceiveShadows: 1
  m_DynamicOccludee: 1
  m_StaticShadowCaster: 0
  m_MotionVectors: 1
  m_LightProbeUsage: 1
  m_ReflectionProbeUsage: 1
  m_RayTracingMode: 2
  m_RayTraceProcedural: 0
  m_RenderingLayerMask: 1
  m_RendererPriority: 0
  m_Materials:
  - {fileID: 2100000, guid: 4f389f63392214e48bc4a5029efd0c27, type: 2}
  m_StaticBatchInfo:
    firstSubMesh: 0
    subMeshCount: 0
  m_StaticBatchRoot: {fileID: 0}
  m_ProbeAnchor: {fileID: 0}
  m_LightProbeVolumeOverride: {fileID: 0}
  m_ScaleInLightmap: 1
  m_ReceiveGI: 1
  m_PreserveUVs: 0
  m_IgnoreNormalsForChartDetection: 0
  m_ImportantGI: 0
  m_StitchLightmapSeams: 1
  m_SelectedEditorRenderState: 3
  m_MinimumChartSize: 4
  m_AutoUVMaxDistance: 0.5
  m_AutoUVMaxAngle: 89
  m_LightmapParameters: {fileID: 0}
  m_SortingLayerID: 0
  m_SortingLayer: 0
  m_SortingOrder: 0
  m_AdditionalVertexStreams: {fileID: 0}
--- !u!33 &34261729
MeshFilter:
  m_ObjectHideFlags: 0
  m_CorrespondingSourceObject: {fileID: 0}
  m_PrefabInstance: {fileID: 0}
  m_PrefabAsset: {fileID: 0}
  m_GameObject: {fileID: 34261724}
  m_Mesh: {fileID: 10202, guid: 0000000000000000e000000000000000, type: 0}
--- !u!1001 &170740009
PrefabInstance:
  m_ObjectHideFlags: 0
  serializedVersion: 2
  m_Modification:
    m_TransformParent: {fileID: 1943818637}
    m_Modifications:
    - target: {fileID: 856816955084678441, guid: 77e65bca5df800c4c918687a02f4ab57, type: 3}
      propertyPath: m_LocalScale.x
      value: 0.35
      objectReference: {fileID: 0}
    - target: {fileID: 856816955084678441, guid: 77e65bca5df800c4c918687a02f4ab57, type: 3}
      propertyPath: m_LocalScale.y
      value: 0.35
      objectReference: {fileID: 0}
    - target: {fileID: 856816955084678441, guid: 77e65bca5df800c4c918687a02f4ab57, type: 3}
      propertyPath: m_LocalScale.z
      value: 0.35
      objectReference: {fileID: 0}
    - target: {fileID: 856816955084678441, guid: 77e65bca5df800c4c918687a02f4ab57, type: 3}
      propertyPath: m_LocalPosition.y
      value: 0.314
      objectReference: {fileID: 0}
    - target: {fileID: 856816955946421096, guid: 77e65bca5df800c4c918687a02f4ab57, type: 3}
      propertyPath: m_Name
      value: UpCube
      objectReference: {fileID: 0}
    - target: {fileID: 856816955946421096, guid: 77e65bca5df800c4c918687a02f4ab57, type: 3}
      propertyPath: m_IsActive
      value: 0
      objectReference: {fileID: 0}
    - target: {fileID: 856816955946421097, guid: 77e65bca5df800c4c918687a02f4ab57, type: 3}
      propertyPath: m_RootOrder
      value: 2
      objectReference: {fileID: 0}
    - target: {fileID: 856816955946421097, guid: 77e65bca5df800c4c918687a02f4ab57, type: 3}
      propertyPath: m_LocalPosition.x
      value: 1.501
      objectReference: {fileID: 0}
    - target: {fileID: 856816955946421097, guid: 77e65bca5df800c4c918687a02f4ab57, type: 3}
      propertyPath: m_LocalPosition.y
      value: 0.14
      objectReference: {fileID: 0}
    - target: {fileID: 856816955946421097, guid: 77e65bca5df800c4c918687a02f4ab57, type: 3}
      propertyPath: m_LocalPosition.z
      value: 0.464
      objectReference: {fileID: 0}
    - target: {fileID: 856816955946421097, guid: 77e65bca5df800c4c918687a02f4ab57, type: 3}
      propertyPath: m_LocalRotation.w
      value: 1
      objectReference: {fileID: 0}
    - target: {fileID: 856816955946421097, guid: 77e65bca5df800c4c918687a02f4ab57, type: 3}
      propertyPath: m_LocalRotation.x
      value: 0
      objectReference: {fileID: 0}
    - target: {fileID: 856816955946421097, guid: 77e65bca5df800c4c918687a02f4ab57, type: 3}
      propertyPath: m_LocalRotation.y
      value: 0
      objectReference: {fileID: 0}
    - target: {fileID: 856816955946421097, guid: 77e65bca5df800c4c918687a02f4ab57, type: 3}
      propertyPath: m_LocalRotation.z
      value: 0
      objectReference: {fileID: 0}
    - target: {fileID: 856816955946421097, guid: 77e65bca5df800c4c918687a02f4ab57, type: 3}
      propertyPath: m_LocalEulerAnglesHint.x
      value: 0
      objectReference: {fileID: 0}
    - target: {fileID: 856816955946421097, guid: 77e65bca5df800c4c918687a02f4ab57, type: 3}
      propertyPath: m_LocalEulerAnglesHint.y
      value: 0
      objectReference: {fileID: 0}
    - target: {fileID: 856816955946421097, guid: 77e65bca5df800c4c918687a02f4ab57, type: 3}
      propertyPath: m_LocalEulerAnglesHint.z
      value: 0
      objectReference: {fileID: 0}
    m_RemovedComponents: []
  m_SourcePrefab: {fileID: 100100000, guid: 77e65bca5df800c4c918687a02f4ab57, type: 3}
--- !u!4 &170740010 stripped
Transform:
  m_CorrespondingSourceObject: {fileID: 856816955946421097, guid: 77e65bca5df800c4c918687a02f4ab57, type: 3}
  m_PrefabInstance: {fileID: 170740009}
  m_PrefabAsset: {fileID: 0}
--- !u!1001 &220728640
PrefabInstance:
  m_ObjectHideFlags: 0
  serializedVersion: 2
  m_Modification:
    m_TransformParent: {fileID: 1943818637}
    m_Modifications:
    - target: {fileID: 856816955084678441, guid: 77e65bca5df800c4c918687a02f4ab57, type: 3}
      propertyPath: m_LocalScale.x
      value: 0.35
      objectReference: {fileID: 0}
    - target: {fileID: 856816955084678441, guid: 77e65bca5df800c4c918687a02f4ab57, type: 3}
      propertyPath: m_LocalScale.y
      value: 0.35
      objectReference: {fileID: 0}
    - target: {fileID: 856816955084678441, guid: 77e65bca5df800c4c918687a02f4ab57, type: 3}
      propertyPath: m_LocalScale.z
      value: 0.35
      objectReference: {fileID: 0}
    - target: {fileID: 856816955084678441, guid: 77e65bca5df800c4c918687a02f4ab57, type: 3}
      propertyPath: m_LocalPosition.y
      value: 0.314
      objectReference: {fileID: 0}
    - target: {fileID: 856816955946421096, guid: 77e65bca5df800c4c918687a02f4ab57, type: 3}
      propertyPath: m_Name
      value: UpCube (1)
      objectReference: {fileID: 0}
    - target: {fileID: 856816955946421096, guid: 77e65bca5df800c4c918687a02f4ab57, type: 3}
      propertyPath: m_IsActive
      value: 0
      objectReference: {fileID: 0}
    - target: {fileID: 856816955946421097, guid: 77e65bca5df800c4c918687a02f4ab57, type: 3}
      propertyPath: m_RootOrder
      value: 3
      objectReference: {fileID: 0}
    - target: {fileID: 856816955946421097, guid: 77e65bca5df800c4c918687a02f4ab57, type: 3}
      propertyPath: m_LocalPosition.x
      value: -1.508
      objectReference: {fileID: 0}
    - target: {fileID: 856816955946421097, guid: 77e65bca5df800c4c918687a02f4ab57, type: 3}
      propertyPath: m_LocalPosition.y
      value: 0.14
      objectReference: {fileID: 0}
    - target: {fileID: 856816955946421097, guid: 77e65bca5df800c4c918687a02f4ab57, type: 3}
      propertyPath: m_LocalPosition.z
      value: -0.448
      objectReference: {fileID: 0}
    - target: {fileID: 856816955946421097, guid: 77e65bca5df800c4c918687a02f4ab57, type: 3}
      propertyPath: m_LocalRotation.w
      value: 1
      objectReference: {fileID: 0}
    - target: {fileID: 856816955946421097, guid: 77e65bca5df800c4c918687a02f4ab57, type: 3}
      propertyPath: m_LocalRotation.x
      value: 0
      objectReference: {fileID: 0}
    - target: {fileID: 856816955946421097, guid: 77e65bca5df800c4c918687a02f4ab57, type: 3}
      propertyPath: m_LocalRotation.y
      value: 0
      objectReference: {fileID: 0}
    - target: {fileID: 856816955946421097, guid: 77e65bca5df800c4c918687a02f4ab57, type: 3}
      propertyPath: m_LocalRotation.z
      value: 0
      objectReference: {fileID: 0}
    - target: {fileID: 856816955946421097, guid: 77e65bca5df800c4c918687a02f4ab57, type: 3}
      propertyPath: m_LocalEulerAnglesHint.x
      value: 0
      objectReference: {fileID: 0}
    - target: {fileID: 856816955946421097, guid: 77e65bca5df800c4c918687a02f4ab57, type: 3}
      propertyPath: m_LocalEulerAnglesHint.y
      value: 0
      objectReference: {fileID: 0}
    - target: {fileID: 856816955946421097, guid: 77e65bca5df800c4c918687a02f4ab57, type: 3}
      propertyPath: m_LocalEulerAnglesHint.z
      value: 0
      objectReference: {fileID: 0}
    m_RemovedComponents: []
  m_SourcePrefab: {fileID: 100100000, guid: 77e65bca5df800c4c918687a02f4ab57, type: 3}
--- !u!4 &220728641 stripped
Transform:
  m_CorrespondingSourceObject: {fileID: 856816955946421097, guid: 77e65bca5df800c4c918687a02f4ab57, type: 3}
  m_PrefabInstance: {fileID: 220728640}
  m_PrefabAsset: {fileID: 0}
--- !u!4 &329567727 stripped
Transform:
  m_CorrespondingSourceObject: {fileID: 8673874675591877073, guid: cc12a450405a6da4d972fa6e0f78dfa1, type: 3}
  m_PrefabInstance: {fileID: 8673874675363601470}
  m_PrefabAsset: {fileID: 0}
--- !u!1001 &424484379
PrefabInstance:
  m_ObjectHideFlags: 0
  serializedVersion: 2
  m_Modification:
    m_TransformParent: {fileID: 329567727}
    m_Modifications:
    - target: {fileID: 2909394111987294856, guid: 9d76f38469832834ab9d0509d536183d, type: 3}
      propertyPath: m_RootOrder
      value: 1
      objectReference: {fileID: 0}
    - target: {fileID: 2909394111987294856, guid: 9d76f38469832834ab9d0509d536183d, type: 3}
      propertyPath: m_LocalPosition.x
      value: 0
      objectReference: {fileID: 0}
    - target: {fileID: 2909394111987294856, guid: 9d76f38469832834ab9d0509d536183d, type: 3}
      propertyPath: m_LocalPosition.y
      value: -2.52
      objectReference: {fileID: 0}
    - target: {fileID: 2909394111987294856, guid: 9d76f38469832834ab9d0509d536183d, type: 3}
      propertyPath: m_LocalPosition.z
      value: 0
      objectReference: {fileID: 0}
    - target: {fileID: 2909394111987294856, guid: 9d76f38469832834ab9d0509d536183d, type: 3}
      propertyPath: m_LocalRotation.w
      value: 1
      objectReference: {fileID: 0}
    - target: {fileID: 2909394111987294856, guid: 9d76f38469832834ab9d0509d536183d, type: 3}
      propertyPath: m_LocalRotation.x
      value: -0
      objectReference: {fileID: 0}
    - target: {fileID: 2909394111987294856, guid: 9d76f38469832834ab9d0509d536183d, type: 3}
      propertyPath: m_LocalRotation.y
      value: -0
      objectReference: {fileID: 0}
    - target: {fileID: 2909394111987294856, guid: 9d76f38469832834ab9d0509d536183d, type: 3}
      propertyPath: m_LocalRotation.z
      value: -0
      objectReference: {fileID: 0}
    - target: {fileID: 2909394111987294856, guid: 9d76f38469832834ab9d0509d536183d, type: 3}
      propertyPath: m_LocalEulerAnglesHint.x
      value: 0
      objectReference: {fileID: 0}
    - target: {fileID: 2909394111987294856, guid: 9d76f38469832834ab9d0509d536183d, type: 3}
      propertyPath: m_LocalEulerAnglesHint.y
      value: 0
      objectReference: {fileID: 0}
    - target: {fileID: 2909394111987294856, guid: 9d76f38469832834ab9d0509d536183d, type: 3}
      propertyPath: m_LocalEulerAnglesHint.z
      value: 0
      objectReference: {fileID: 0}
    - target: {fileID: 2909394111987294857, guid: 9d76f38469832834ab9d0509d536183d, type: 3}
      propertyPath: m_Name
      value: UCt Rubiks
      objectReference: {fileID: 0}
    - target: {fileID: 3585145195991347929, guid: 9d76f38469832834ab9d0509d536183d, type: 3}
      propertyPath: m_LocalRotation.w
      value: 0.82278484
      objectReference: {fileID: 0}
    - target: {fileID: 3585145195991347929, guid: 9d76f38469832834ab9d0509d536183d, type: 3}
      propertyPath: m_LocalRotation.x
      value: 0.17573828
      objectReference: {fileID: 0}
    - target: {fileID: 3585145195991347929, guid: 9d76f38469832834ab9d0509d536183d, type: 3}
      propertyPath: m_LocalRotation.y
      value: 0.33561766
      objectReference: {fileID: 0}
    - target: {fileID: 3585145195991347929, guid: 9d76f38469832834ab9d0509d536183d, type: 3}
      propertyPath: m_LocalRotation.z
      value: -0.42367685
      objectReference: {fileID: 0}
    - target: {fileID: 3585145195991347929, guid: 9d76f38469832834ab9d0509d536183d, type: 3}
      propertyPath: m_LocalEulerAnglesHint.x
      value: 35
      objectReference: {fileID: 0}
    - target: {fileID: 3585145195991347929, guid: 9d76f38469832834ab9d0509d536183d, type: 3}
      propertyPath: m_LocalEulerAnglesHint.y
      value: 29.5
      objectReference: {fileID: 0}
    - target: {fileID: 3585145195991347929, guid: 9d76f38469832834ab9d0509d536183d, type: 3}
      propertyPath: m_LocalEulerAnglesHint.z
      value: -45
      objectReference: {fileID: 0}
    m_RemovedComponents: []
  m_SourcePrefab: {fileID: 100100000, guid: 9d76f38469832834ab9d0509d536183d, type: 3}
--- !u!114 &424484380 stripped
MonoBehaviour:
  m_CorrespondingSourceObject: {fileID: 5698185644631406182, guid: 9d76f38469832834ab9d0509d536183d, type: 3}
  m_PrefabInstance: {fileID: 424484379}
  m_PrefabAsset: {fileID: 0}
  m_GameObject: {fileID: 0}
  m_Enabled: 1
  m_EditorHideFlags: 0
  m_Script: {fileID: 11500000, guid: 3a2d208f110bc73448edbcb363e581e0, type: 3}
  m_Name: 
  m_EditorClassIdentifier: 
--- !u!114 &530068777 stripped
MonoBehaviour:
  m_CorrespondingSourceObject: {fileID: 2848951553227001753, guid: f231b518caf5d9a4a8f2204e68fee710, type: 3}
  m_PrefabInstance: {fileID: 1787863988}
  m_PrefabAsset: {fileID: 0}
  m_GameObject: {fileID: 0}
  m_Enabled: 1
  m_EditorHideFlags: 0
  m_Script: {fileID: 11500000, guid: 3a2d208f110bc73448edbcb363e581e0, type: 3}
  m_Name: 
  m_EditorClassIdentifier: 
--- !u!1 &905373052
GameObject:
  m_ObjectHideFlags: 0
  m_CorrespondingSourceObject: {fileID: 0}
  m_PrefabInstance: {fileID: 0}
  m_PrefabAsset: {fileID: 0}
  serializedVersion: 6
  m_Component:
  - component: {fileID: 905373053}
  - component: {fileID: 905373055}
  - component: {fileID: 905373054}
  m_Layer: 0
  m_Name: nextPoint
  m_TagString: Untagged
  m_Icon: {fileID: 0}
  m_NavMeshLayer: 0
  m_StaticEditorFlags: 0
  m_IsActive: 1
--- !u!4 &905373053
Transform:
  m_ObjectHideFlags: 0
  m_CorrespondingSourceObject: {fileID: 0}
  m_PrefabInstance: {fileID: 0}
  m_PrefabAsset: {fileID: 0}
  m_GameObject: {fileID: 905373052}
  m_LocalRotation: {x: 0, y: 0, z: 0, w: 1}
  m_LocalPosition: {x: 0, y: 0.1, z: 0}
  m_LocalScale: {x: 0.02, y: 0.02, z: 0.02}
  m_Children: []
  m_Father: {fileID: 1943818637}
  m_RootOrder: 4
  m_LocalEulerAnglesHint: {x: 0, y: 0, z: 0}
--- !u!23 &905373054
MeshRenderer:
  m_ObjectHideFlags: 0
  m_CorrespondingSourceObject: {fileID: 0}
  m_PrefabInstance: {fileID: 0}
  m_PrefabAsset: {fileID: 0}
  m_GameObject: {fileID: 905373052}
  m_Enabled: 1
  m_CastShadows: 1
  m_ReceiveShadows: 1
  m_DynamicOccludee: 1
  m_StaticShadowCaster: 0
  m_MotionVectors: 1
  m_LightProbeUsage: 1
  m_ReflectionProbeUsage: 1
  m_RayTracingMode: 2
  m_RayTraceProcedural: 0
  m_RenderingLayerMask: 1
  m_RendererPriority: 0
  m_Materials:
  - {fileID: 10303, guid: 0000000000000000f000000000000000, type: 0}
  m_StaticBatchInfo:
    firstSubMesh: 0
    subMeshCount: 0
  m_StaticBatchRoot: {fileID: 0}
  m_ProbeAnchor: {fileID: 0}
  m_LightProbeVolumeOverride: {fileID: 0}
  m_ScaleInLightmap: 1
  m_ReceiveGI: 1
  m_PreserveUVs: 0
  m_IgnoreNormalsForChartDetection: 0
  m_ImportantGI: 0
  m_StitchLightmapSeams: 1
  m_SelectedEditorRenderState: 3
  m_MinimumChartSize: 4
  m_AutoUVMaxDistance: 0.5
  m_AutoUVMaxAngle: 89
  m_LightmapParameters: {fileID: 0}
  m_SortingLayerID: 0
  m_SortingLayer: 0
  m_SortingOrder: 0
  m_AdditionalVertexStreams: {fileID: 0}
--- !u!33 &905373055
MeshFilter:
  m_ObjectHideFlags: 0
  m_CorrespondingSourceObject: {fileID: 0}
  m_PrefabInstance: {fileID: 0}
  m_PrefabAsset: {fileID: 0}
  m_GameObject: {fileID: 905373052}
  m_Mesh: {fileID: 10207, guid: 0000000000000000e000000000000000, type: 0}
--- !u!1001 &1082571622
PrefabInstance:
  m_ObjectHideFlags: 0
  serializedVersion: 2
  m_Modification:
    m_TransformParent: {fileID: 329567727}
    m_Modifications:
    - target: {fileID: 2909394111987294856, guid: 9d76f38469832834ab9d0509d536183d, type: 3}
      propertyPath: m_RootOrder
      value: 7
      objectReference: {fileID: 0}
    - target: {fileID: 2909394111987294856, guid: 9d76f38469832834ab9d0509d536183d, type: 3}
      propertyPath: m_LocalPosition.x
      value: 13.09
      objectReference: {fileID: 0}
    - target: {fileID: 2909394111987294856, guid: 9d76f38469832834ab9d0509d536183d, type: 3}
      propertyPath: m_LocalPosition.y
      value: 1.63
      objectReference: {fileID: 0}
    - target: {fileID: 2909394111987294856, guid: 9d76f38469832834ab9d0509d536183d, type: 3}
      propertyPath: m_LocalPosition.z
      value: -2.91
      objectReference: {fileID: 0}
    - target: {fileID: 2909394111987294856, guid: 9d76f38469832834ab9d0509d536183d, type: 3}
      propertyPath: m_LocalRotation.w
      value: 0.9914449
      objectReference: {fileID: 0}
    - target: {fileID: 2909394111987294856, guid: 9d76f38469832834ab9d0509d536183d, type: 3}
      propertyPath: m_LocalRotation.x
      value: 0
      objectReference: {fileID: 0}
    - target: {fileID: 2909394111987294856, guid: 9d76f38469832834ab9d0509d536183d, type: 3}
      propertyPath: m_LocalRotation.y
      value: -0.13052624
      objectReference: {fileID: 0}
    - target: {fileID: 2909394111987294856, guid: 9d76f38469832834ab9d0509d536183d, type: 3}
      propertyPath: m_LocalRotation.z
      value: 0
      objectReference: {fileID: 0}
    - target: {fileID: 2909394111987294856, guid: 9d76f38469832834ab9d0509d536183d, type: 3}
      propertyPath: m_LocalEulerAnglesHint.x
      value: 0
      objectReference: {fileID: 0}
    - target: {fileID: 2909394111987294856, guid: 9d76f38469832834ab9d0509d536183d, type: 3}
      propertyPath: m_LocalEulerAnglesHint.y
      value: -15
      objectReference: {fileID: 0}
    - target: {fileID: 2909394111987294856, guid: 9d76f38469832834ab9d0509d536183d, type: 3}
      propertyPath: m_LocalEulerAnglesHint.z
      value: 0
      objectReference: {fileID: 0}
    - target: {fileID: 2909394111987294857, guid: 9d76f38469832834ab9d0509d536183d, type: 3}
      propertyPath: m_Name
      value: UCt Rubiks (1)
      objectReference: {fileID: 0}
    - target: {fileID: 3585145195991347929, guid: 9d76f38469832834ab9d0509d536183d, type: 3}
      propertyPath: m_LocalRotation.w
      value: -0.05810978
      objectReference: {fileID: 0}
    - target: {fileID: 3585145195991347929, guid: 9d76f38469832834ab9d0509d536183d, type: 3}
      propertyPath: m_LocalRotation.x
      value: 0.70553446
      objectReference: {fileID: 0}
    - target: {fileID: 3585145195991347929, guid: 9d76f38469832834ab9d0509d536183d, type: 3}
      propertyPath: m_LocalRotation.y
      value: 0.4549827
      objectReference: {fileID: 0}
    - target: {fileID: 3585145195991347929, guid: 9d76f38469832834ab9d0509d536183d, type: 3}
      propertyPath: m_LocalRotation.z
      value: 0.5402178
      objectReference: {fileID: 0}
    - target: {fileID: 3585145195991347929, guid: 9d76f38469832834ab9d0509d536183d, type: 3}
      propertyPath: m_LocalEulerAnglesHint.x
      value: 215
      objectReference: {fileID: 0}
    - target: {fileID: 3585145195991347929, guid: 9d76f38469832834ab9d0509d536183d, type: 3}
      propertyPath: m_LocalEulerAnglesHint.y
      value: -60
      objectReference: {fileID: 0}
    - target: {fileID: 3585145195991347929, guid: 9d76f38469832834ab9d0509d536183d, type: 3}
      propertyPath: m_LocalEulerAnglesHint.z
      value: -45
      objectReference: {fileID: 0}
    m_RemovedComponents: []
  m_SourcePrefab: {fileID: 100100000, guid: 9d76f38469832834ab9d0509d536183d, type: 3}
--- !u!114 &1082571623 stripped
MonoBehaviour:
  m_CorrespondingSourceObject: {fileID: 5698185644631406182, guid: 9d76f38469832834ab9d0509d536183d, type: 3}
  m_PrefabInstance: {fileID: 1082571622}
  m_PrefabAsset: {fileID: 0}
  m_GameObject: {fileID: 0}
  m_Enabled: 1
  m_EditorHideFlags: 0
  m_Script: {fileID: 11500000, guid: 3a2d208f110bc73448edbcb363e581e0, type: 3}
  m_Name: 
  m_EditorClassIdentifier: 
--- !u!1 &1093760441
GameObject:
  m_ObjectHideFlags: 0
  m_CorrespondingSourceObject: {fileID: 0}
  m_PrefabInstance: {fileID: 0}
  m_PrefabAsset: {fileID: 0}
  serializedVersion: 6
  m_Component:
  - component: {fileID: 1093760442}
  m_Layer: 0
  m_Name: Body
  m_TagString: Untagged
  m_Icon: {fileID: 0}
  m_NavMeshLayer: 0
  m_StaticEditorFlags: 0
  m_IsActive: 1
--- !u!4 &1093760442
Transform:
  m_ObjectHideFlags: 0
  m_CorrespondingSourceObject: {fileID: 0}
  m_PrefabInstance: {fileID: 0}
  m_PrefabAsset: {fileID: 0}
  m_GameObject: {fileID: 1093760441}
  m_LocalRotation: {x: 0, y: 0, z: 0, w: 1}
  m_LocalPosition: {x: 0, y: 0, z: 0}
  m_LocalScale: {x: 1, y: 1, z: 1}
  m_Children:
  - {fileID: 34261725}
  m_Father: {fileID: 1943818637}
  m_RootOrder: 0
  m_LocalEulerAnglesHint: {x: 0, y: 0, z: 0}
--- !u!1 &1525998049
GameObject:
  m_ObjectHideFlags: 0
  m_CorrespondingSourceObject: {fileID: 0}
  m_PrefabInstance: {fileID: 0}
  m_PrefabAsset: {fileID: 0}
  serializedVersion: 6
  m_Component:
  - component: {fileID: 1525998050}
  - component: {fileID: 1525998052}
  - component: {fileID: 1525998051}
  m_Layer: 0
  m_Name: selfPoint
  m_TagString: Untagged
  m_Icon: {fileID: 0}
  m_NavMeshLayer: 0
  m_StaticEditorFlags: 0
  m_IsActive: 1
--- !u!4 &1525998050
Transform:
  m_ObjectHideFlags: 0
  m_CorrespondingSourceObject: {fileID: 0}
  m_PrefabInstance: {fileID: 0}
  m_PrefabAsset: {fileID: 0}
  m_GameObject: {fileID: 1525998049}
  m_LocalRotation: {x: 0, y: 0, z: 0, w: 1}
  m_LocalPosition: {x: 0, y: 0, z: 0}
  m_LocalScale: {x: 0.02, y: 0.02, z: 0.02}
  m_Children: []
  m_Father: {fileID: 1943818637}
  m_RootOrder: 1
  m_LocalEulerAnglesHint: {x: 0, y: 0, z: 0}
--- !u!23 &1525998051
MeshRenderer:
  m_ObjectHideFlags: 0
  m_CorrespondingSourceObject: {fileID: 0}
  m_PrefabInstance: {fileID: 0}
  m_PrefabAsset: {fileID: 0}
  m_GameObject: {fileID: 1525998049}
  m_Enabled: 1
  m_CastShadows: 1
  m_ReceiveShadows: 1
  m_DynamicOccludee: 1
  m_StaticShadowCaster: 0
  m_MotionVectors: 1
  m_LightProbeUsage: 1
  m_ReflectionProbeUsage: 1
  m_RayTracingMode: 2
  m_RayTraceProcedural: 0
  m_RenderingLayerMask: 1
  m_RendererPriority: 0
  m_Materials:
  - {fileID: 10303, guid: 0000000000000000f000000000000000, type: 0}
  m_StaticBatchInfo:
    firstSubMesh: 0
    subMeshCount: 0
  m_StaticBatchRoot: {fileID: 0}
  m_ProbeAnchor: {fileID: 0}
  m_LightProbeVolumeOverride: {fileID: 0}
  m_ScaleInLightmap: 1
  m_ReceiveGI: 1
  m_PreserveUVs: 0
  m_IgnoreNormalsForChartDetection: 0
  m_ImportantGI: 0
  m_StitchLightmapSeams: 1
  m_SelectedEditorRenderState: 3
  m_MinimumChartSize: 4
  m_AutoUVMaxDistance: 0.5
  m_AutoUVMaxAngle: 89
  m_LightmapParameters: {fileID: 0}
  m_SortingLayerID: 0
  m_SortingLayer: 0
  m_SortingOrder: 0
  m_AdditionalVertexStreams: {fileID: 0}
--- !u!33 &1525998052
MeshFilter:
  m_ObjectHideFlags: 0
  m_CorrespondingSourceObject: {fileID: 0}
  m_PrefabInstance: {fileID: 0}
  m_PrefabAsset: {fileID: 0}
  m_GameObject: {fileID: 1525998049}
  m_Mesh: {fileID: 10207, guid: 0000000000000000e000000000000000, type: 0}
--- !u!1001 &1539405658
PrefabInstance:
  m_ObjectHideFlags: 0
  serializedVersion: 2
  m_Modification:
    m_TransformParent: {fileID: 329567727}
    m_Modifications:
    - target: {fileID: 2909394111987294856, guid: 9d76f38469832834ab9d0509d536183d, type: 3}
      propertyPath: m_RootOrder
      value: 2
      objectReference: {fileID: 0}
    - target: {fileID: 2909394111987294856, guid: 9d76f38469832834ab9d0509d536183d, type: 3}
      propertyPath: m_LocalPosition.x
      value: 8.07
      objectReference: {fileID: 0}
    - target: {fileID: 2909394111987294856, guid: 9d76f38469832834ab9d0509d536183d, type: 3}
      propertyPath: m_LocalPosition.y
      value: 1.58
      objectReference: {fileID: 0}
    - target: {fileID: 2909394111987294856, guid: 9d76f38469832834ab9d0509d536183d, type: 3}
      propertyPath: m_LocalPosition.z
      value: -2.91
      objectReference: {fileID: 0}
    - target: {fileID: 2909394111987294856, guid: 9d76f38469832834ab9d0509d536183d, type: 3}
      propertyPath: m_LocalRotation.w
      value: 0.9961947
      objectReference: {fileID: 0}
    - target: {fileID: 2909394111987294856, guid: 9d76f38469832834ab9d0509d536183d, type: 3}
      propertyPath: m_LocalRotation.x
      value: 0
      objectReference: {fileID: 0}
    - target: {fileID: 2909394111987294856, guid: 9d76f38469832834ab9d0509d536183d, type: 3}
      propertyPath: m_LocalRotation.y
      value: 0.08715578
      objectReference: {fileID: 0}
    - target: {fileID: 2909394111987294856, guid: 9d76f38469832834ab9d0509d536183d, type: 3}
      propertyPath: m_LocalRotation.z
      value: 0
      objectReference: {fileID: 0}
    - target: {fileID: 2909394111987294856, guid: 9d76f38469832834ab9d0509d536183d, type: 3}
      propertyPath: m_LocalEulerAnglesHint.x
      value: 0
      objectReference: {fileID: 0}
    - target: {fileID: 2909394111987294856, guid: 9d76f38469832834ab9d0509d536183d, type: 3}
      propertyPath: m_LocalEulerAnglesHint.y
      value: 10
      objectReference: {fileID: 0}
    - target: {fileID: 2909394111987294856, guid: 9d76f38469832834ab9d0509d536183d, type: 3}
      propertyPath: m_LocalEulerAnglesHint.z
      value: 0
      objectReference: {fileID: 0}
    - target: {fileID: 2909394111987294857, guid: 9d76f38469832834ab9d0509d536183d, type: 3}
      propertyPath: m_Name
      value: UCt Rubiks
      objectReference: {fileID: 0}
    - target: {fileID: 3585145195991347929, guid: 9d76f38469832834ab9d0509d536183d, type: 3}
      propertyPath: m_LocalRotation.w
      value: 0.3409018
      objectReference: {fileID: 0}
    - target: {fileID: 3585145195991347929, guid: 9d76f38469832834ab9d0509d536183d, type: 3}
      propertyPath: m_LocalRotation.x
      value: -0.17716683
      objectReference: {fileID: 0}
    - target: {fileID: 3585145195991347929, guid: 9d76f38469832834ab9d0509d536183d, type: 3}
      propertyPath: m_LocalRotation.y
      value: 0.82060957
      objectReference: {fileID: 0}
    - target: {fileID: 3585145195991347929, guid: 9d76f38469832834ab9d0509d536183d, type: 3}
      propertyPath: m_LocalRotation.z
      value: -0.42308146
      objectReference: {fileID: 0}
    - target: {fileID: 3585145195991347929, guid: 9d76f38469832834ab9d0509d536183d, type: 3}
      propertyPath: m_LocalEulerAnglesHint.x
      value: 35
      objectReference: {fileID: 0}
    - target: {fileID: 3585145195991347929, guid: 9d76f38469832834ab9d0509d536183d, type: 3}
      propertyPath: m_LocalEulerAnglesHint.y
      value: 120
      objectReference: {fileID: 0}
    - target: {fileID: 3585145195991347929, guid: 9d76f38469832834ab9d0509d536183d, type: 3}
      propertyPath: m_LocalEulerAnglesHint.z
      value: -45
      objectReference: {fileID: 0}
    m_RemovedComponents: []
  m_SourcePrefab: {fileID: 100100000, guid: 9d76f38469832834ab9d0509d536183d, type: 3}
--- !u!114 &1539405659 stripped
MonoBehaviour:
  m_CorrespondingSourceObject: {fileID: 5698185644631406182, guid: 9d76f38469832834ab9d0509d536183d, type: 3}
  m_PrefabInstance: {fileID: 1539405658}
  m_PrefabAsset: {fileID: 0}
  m_GameObject: {fileID: 0}
  m_Enabled: 1
  m_EditorHideFlags: 0
  m_Script: {fileID: 11500000, guid: 3a2d208f110bc73448edbcb363e581e0, type: 3}
  m_Name: 
  m_EditorClassIdentifier: 
--- !u!1001 &1545040535
PrefabInstance:
  m_ObjectHideFlags: 0
  serializedVersion: 2
  m_Modification:
    m_TransformParent: {fileID: 329567727}
    m_Modifications:
    - target: {fileID: 856816955084678441, guid: 77e65bca5df800c4c918687a02f4ab57, type: 3}
      propertyPath: m_LocalRotation.w
      value: 0.8206095
      objectReference: {fileID: 0}
    - target: {fileID: 856816955084678441, guid: 77e65bca5df800c4c918687a02f4ab57, type: 3}
      propertyPath: m_LocalRotation.x
      value: 0.42308146
      objectReference: {fileID: 0}
    - target: {fileID: 856816955084678441, guid: 77e65bca5df800c4c918687a02f4ab57, type: 3}
      propertyPath: m_LocalRotation.y
      value: -0.34090185
      objectReference: {fileID: 0}
    - target: {fileID: 856816955084678441, guid: 77e65bca5df800c4c918687a02f4ab57, type: 3}
      propertyPath: m_LocalRotation.z
      value: -0.17716679
      objectReference: {fileID: 0}
    - target: {fileID: 856816955084678441, guid: 77e65bca5df800c4c918687a02f4ab57, type: 3}
      propertyPath: m_LocalEulerAnglesHint.y
      value: -60
      objectReference: {fileID: 0}
    - target: {fileID: 856816955084678443, guid: 77e65bca5df800c4c918687a02f4ab57, type: 3}
      propertyPath: m_Materials.Array.data[0]
      value: 
      objectReference: {fileID: 2100000, guid: d03c03868cd61bf44939f6fc262214f8, type: 2}
    - target: {fileID: 856816955946421096, guid: 77e65bca5df800c4c918687a02f4ab57, type: 3}
      propertyPath: m_Name
      value: UpCube (2)
      objectReference: {fileID: 0}
    - target: {fileID: 856816955946421096, guid: 77e65bca5df800c4c918687a02f4ab57, type: 3}
      propertyPath: m_IsActive
      value: 0
      objectReference: {fileID: 0}
    - target: {fileID: 856816955946421097, guid: 77e65bca5df800c4c918687a02f4ab57, type: 3}
      propertyPath: m_RootOrder
      value: 3
      objectReference: {fileID: 0}
    - target: {fileID: 856816955946421097, guid: 77e65bca5df800c4c918687a02f4ab57, type: 3}
      propertyPath: m_LocalPosition.x
      value: 8.07
      objectReference: {fileID: 0}
    - target: {fileID: 856816955946421097, guid: 77e65bca5df800c4c918687a02f4ab57, type: 3}
      propertyPath: m_LocalPosition.y
      value: -0.81999993
      objectReference: {fileID: 0}
    - target: {fileID: 856816955946421097, guid: 77e65bca5df800c4c918687a02f4ab57, type: 3}
      propertyPath: m_LocalPosition.z
      value: 0
      objectReference: {fileID: 0}
    - target: {fileID: 856816955946421097, guid: 77e65bca5df800c4c918687a02f4ab57, type: 3}
      propertyPath: m_LocalRotation.w
      value: 1
      objectReference: {fileID: 0}
    - target: {fileID: 856816955946421097, guid: 77e65bca5df800c4c918687a02f4ab57, type: 3}
      propertyPath: m_LocalRotation.x
      value: -0
      objectReference: {fileID: 0}
    - target: {fileID: 856816955946421097, guid: 77e65bca5df800c4c918687a02f4ab57, type: 3}
      propertyPath: m_LocalRotation.y
      value: -0
      objectReference: {fileID: 0}
    - target: {fileID: 856816955946421097, guid: 77e65bca5df800c4c918687a02f4ab57, type: 3}
      propertyPath: m_LocalRotation.z
      value: -0
      objectReference: {fileID: 0}
    - target: {fileID: 856816955946421097, guid: 77e65bca5df800c4c918687a02f4ab57, type: 3}
      propertyPath: m_LocalEulerAnglesHint.x
      value: 0
      objectReference: {fileID: 0}
    - target: {fileID: 856816955946421097, guid: 77e65bca5df800c4c918687a02f4ab57, type: 3}
      propertyPath: m_LocalEulerAnglesHint.y
      value: 0
      objectReference: {fileID: 0}
    - target: {fileID: 856816955946421097, guid: 77e65bca5df800c4c918687a02f4ab57, type: 3}
      propertyPath: m_LocalEulerAnglesHint.z
      value: 0
      objectReference: {fileID: 0}
    - target: {fileID: 856816955946421098, guid: 77e65bca5df800c4c918687a02f4ab57, type: 3}
      propertyPath: axis.x
      value: 1
      objectReference: {fileID: 0}
    - target: {fileID: 856816955946421098, guid: 77e65bca5df800c4c918687a02f4ab57, type: 3}
      propertyPath: axis.z
      value: 0
      objectReference: {fileID: 0}
    - target: {fileID: 856816955946421098, guid: 77e65bca5df800c4c918687a02f4ab57, type: 3}
      propertyPath: subTumblers.Array.size
      value: 1
      objectReference: {fileID: 0}
    - target: {fileID: 856816955946421098, guid: 77e65bca5df800c4c918687a02f4ab57, type: 3}
      propertyPath: subTumblers.Array.data[0]
      value: 
      objectReference: {fileID: 856816954610483377}
    m_RemovedComponents: []
  m_SourcePrefab: {fileID: 100100000, guid: 77e65bca5df800c4c918687a02f4ab57, type: 3}
--- !u!1001 &1548964182
PrefabInstance:
  m_ObjectHideFlags: 0
  serializedVersion: 2
  m_Modification:
    m_TransformParent: {fileID: 329567727}
    m_Modifications:
    - target: {fileID: 856816955084678441, guid: 77e65bca5df800c4c918687a02f4ab57, type: 3}
      propertyPath: m_LocalRotation.w
      value: 0.8206095
      objectReference: {fileID: 0}
    - target: {fileID: 856816955084678441, guid: 77e65bca5df800c4c918687a02f4ab57, type: 3}
      propertyPath: m_LocalRotation.x
      value: 0.42308146
      objectReference: {fileID: 0}
    - target: {fileID: 856816955084678441, guid: 77e65bca5df800c4c918687a02f4ab57, type: 3}
      propertyPath: m_LocalRotation.y
      value: -0.34090185
      objectReference: {fileID: 0}
    - target: {fileID: 856816955084678441, guid: 77e65bca5df800c4c918687a02f4ab57, type: 3}
      propertyPath: m_LocalRotation.z
      value: -0.17716679
      objectReference: {fileID: 0}
    - target: {fileID: 856816955084678441, guid: 77e65bca5df800c4c918687a02f4ab57, type: 3}
      propertyPath: m_LocalEulerAnglesHint.y
      value: -60
      objectReference: {fileID: 0}
    - target: {fileID: 856816955084678443, guid: 77e65bca5df800c4c918687a02f4ab57, type: 3}
      propertyPath: m_Materials.Array.data[0]
      value: 
      objectReference: {fileID: 2100000, guid: d03c03868cd61bf44939f6fc262214f8, type: 2}
    - target: {fileID: 856816955946421096, guid: 77e65bca5df800c4c918687a02f4ab57, type: 3}
      propertyPath: m_Name
      value: UpCube (3)
      objectReference: {fileID: 0}
    - target: {fileID: 856816955946421096, guid: 77e65bca5df800c4c918687a02f4ab57, type: 3}
      propertyPath: m_IsActive
      value: 0
      objectReference: {fileID: 0}
    - target: {fileID: 856816955946421097, guid: 77e65bca5df800c4c918687a02f4ab57, type: 3}
      propertyPath: m_RootOrder
      value: 4
      objectReference: {fileID: 0}
    - target: {fileID: 856816955946421097, guid: 77e65bca5df800c4c918687a02f4ab57, type: 3}
      propertyPath: m_LocalPosition.x
      value: 10.19
      objectReference: {fileID: 0}
    - target: {fileID: 856816955946421097, guid: 77e65bca5df800c4c918687a02f4ab57, type: 3}
      propertyPath: m_LocalPosition.y
      value: -0.81999993
      objectReference: {fileID: 0}
    - target: {fileID: 856816955946421097, guid: 77e65bca5df800c4c918687a02f4ab57, type: 3}
      propertyPath: m_LocalPosition.z
      value: 0
      objectReference: {fileID: 0}
    - target: {fileID: 856816955946421097, guid: 77e65bca5df800c4c918687a02f4ab57, type: 3}
      propertyPath: m_LocalRotation.w
      value: 1
      objectReference: {fileID: 0}
    - target: {fileID: 856816955946421097, guid: 77e65bca5df800c4c918687a02f4ab57, type: 3}
      propertyPath: m_LocalRotation.x
      value: -0
      objectReference: {fileID: 0}
    - target: {fileID: 856816955946421097, guid: 77e65bca5df800c4c918687a02f4ab57, type: 3}
      propertyPath: m_LocalRotation.y
      value: -0
      objectReference: {fileID: 0}
    - target: {fileID: 856816955946421097, guid: 77e65bca5df800c4c918687a02f4ab57, type: 3}
      propertyPath: m_LocalRotation.z
      value: -0
      objectReference: {fileID: 0}
    - target: {fileID: 856816955946421097, guid: 77e65bca5df800c4c918687a02f4ab57, type: 3}
      propertyPath: m_LocalEulerAnglesHint.x
      value: 0
      objectReference: {fileID: 0}
    - target: {fileID: 856816955946421097, guid: 77e65bca5df800c4c918687a02f4ab57, type: 3}
      propertyPath: m_LocalEulerAnglesHint.y
      value: 0
      objectReference: {fileID: 0}
    - target: {fileID: 856816955946421097, guid: 77e65bca5df800c4c918687a02f4ab57, type: 3}
      propertyPath: m_LocalEulerAnglesHint.z
      value: 0
      objectReference: {fileID: 0}
    - target: {fileID: 856816955946421098, guid: 77e65bca5df800c4c918687a02f4ab57, type: 3}
      propertyPath: axis.x
      value: 1
      objectReference: {fileID: 0}
    - target: {fileID: 856816955946421098, guid: 77e65bca5df800c4c918687a02f4ab57, type: 3}
      propertyPath: axis.z
      value: 0
      objectReference: {fileID: 0}
    - target: {fileID: 856816955946421098, guid: 77e65bca5df800c4c918687a02f4ab57, type: 3}
      propertyPath: subTumblers.Array.size
      value: 1
      objectReference: {fileID: 0}
    - target: {fileID: 856816955946421098, guid: 77e65bca5df800c4c918687a02f4ab57, type: 3}
      propertyPath: subTumblers.Array.data[0]
      value: 
      objectReference: {fileID: 856816954610483377}
    m_RemovedComponents: []
  m_SourcePrefab: {fileID: 100100000, guid: 77e65bca5df800c4c918687a02f4ab57, type: 3}
--- !u!1001 &1787863988
PrefabInstance:
  m_ObjectHideFlags: 0
  serializedVersion: 2
  m_Modification:
    m_TransformParent: {fileID: 329567727}
    m_Modifications:
    - target: {fileID: 4683103108564589430, guid: f231b518caf5d9a4a8f2204e68fee710, type: 3}
      propertyPath: m_Name
      value: UCtt Rubiks
      objectReference: {fileID: 0}
    - target: {fileID: 4683103108564589431, guid: f231b518caf5d9a4a8f2204e68fee710, type: 3}
      propertyPath: m_RootOrder
      value: 9
      objectReference: {fileID: 0}
    - target: {fileID: 4683103108564589431, guid: f231b518caf5d9a4a8f2204e68fee710, type: 3}
      propertyPath: m_LocalPosition.x
      value: 14.372
      objectReference: {fileID: 0}
    - target: {fileID: 4683103108564589431, guid: f231b518caf5d9a4a8f2204e68fee710, type: 3}
      propertyPath: m_LocalPosition.y
      value: 1.838
      objectReference: {fileID: 0}
    - target: {fileID: 4683103108564589431, guid: f231b518caf5d9a4a8f2204e68fee710, type: 3}
      propertyPath: m_LocalPosition.z
      value: -2.91
      objectReference: {fileID: 0}
    - target: {fileID: 4683103108564589431, guid: f231b518caf5d9a4a8f2204e68fee710, type: 3}
      propertyPath: m_LocalRotation.w
      value: 0.96126175
      objectReference: {fileID: 0}
    - target: {fileID: 4683103108564589431, guid: f231b518caf5d9a4a8f2204e68fee710, type: 3}
      propertyPath: m_LocalRotation.x
      value: 0
      objectReference: {fileID: 0}
    - target: {fileID: 4683103108564589431, guid: f231b518caf5d9a4a8f2204e68fee710, type: 3}
      propertyPath: m_LocalRotation.y
      value: 0.27563733
      objectReference: {fileID: 0}
    - target: {fileID: 4683103108564589431, guid: f231b518caf5d9a4a8f2204e68fee710, type: 3}
      propertyPath: m_LocalRotation.z
      value: 0
      objectReference: {fileID: 0}
    - target: {fileID: 4683103108564589431, guid: f231b518caf5d9a4a8f2204e68fee710, type: 3}
      propertyPath: m_LocalEulerAnglesHint.x
      value: 0
      objectReference: {fileID: 0}
    - target: {fileID: 4683103108564589431, guid: f231b518caf5d9a4a8f2204e68fee710, type: 3}
      propertyPath: m_LocalEulerAnglesHint.y
      value: 32
      objectReference: {fileID: 0}
    - target: {fileID: 4683103108564589431, guid: f231b518caf5d9a4a8f2204e68fee710, type: 3}
      propertyPath: m_LocalEulerAnglesHint.z
      value: 0
      objectReference: {fileID: 0}
    - target: {fileID: 6439436629640448806, guid: f231b518caf5d9a4a8f2204e68fee710, type: 3}
      propertyPath: m_LocalRotation.w
      value: 0.42308146
      objectReference: {fileID: 0}
    - target: {fileID: 6439436629640448806, guid: f231b518caf5d9a4a8f2204e68fee710, type: 3}
      propertyPath: m_LocalRotation.x
      value: 0.82060945
      objectReference: {fileID: 0}
    - target: {fileID: 6439436629640448806, guid: f231b518caf5d9a4a8f2204e68fee710, type: 3}
      propertyPath: m_LocalRotation.y
      value: 0.1771668
      objectReference: {fileID: 0}
    - target: {fileID: 6439436629640448806, guid: f231b518caf5d9a4a8f2204e68fee710, type: 3}
      propertyPath: m_LocalRotation.z
      value: 0.3409018
      objectReference: {fileID: 0}
    m_RemovedComponents: []
  m_SourcePrefab: {fileID: 100100000, guid: f231b518caf5d9a4a8f2204e68fee710, type: 3}
--- !u!1 &1943818634
GameObject:
  m_ObjectHideFlags: 0
  m_CorrespondingSourceObject: {fileID: 0}
  m_PrefabInstance: {fileID: 0}
  m_PrefabAsset: {fileID: 0}
  serializedVersion: 6
  m_Component:
  - component: {fileID: 1943818637}
  - component: {fileID: 1943818636}
  - component: {fileID: 1943818635}
  m_Layer: 0
  m_Name: Plane (2)
  m_TagString: Untagged
  m_Icon: {fileID: 0}
  m_NavMeshLayer: 0
  m_StaticEditorFlags: 0
  m_IsActive: 0
--- !u!114 &1943818635
MonoBehaviour:
  m_ObjectHideFlags: 0
  m_CorrespondingSourceObject: {fileID: 0}
  m_PrefabInstance: {fileID: 0}
  m_PrefabAsset: {fileID: 0}
  m_GameObject: {fileID: 1943818634}
  m_Enabled: 1
  m_EditorHideFlags: 0
  m_Script: {fileID: 11500000, guid: 3a2d208f110bc73448edbcb363e581e0, type: 3}
  m_Name: 
  m_EditorClassIdentifier: 
  weight: 0.25
  bodyItem: {fileID: 1093760442}
  selfAttachRange: 0.5
  topConnections: []
  stressReciever: {fileID: 0}
--- !u!114 &1943818636
MonoBehaviour:
  m_ObjectHideFlags: 0
  m_CorrespondingSourceObject: {fileID: 0}
  m_PrefabInstance: {fileID: 0}
  m_PrefabAsset: {fileID: 0}
  m_GameObject: {fileID: 1943818634}
  m_Enabled: 1
  m_EditorHideFlags: 0
  m_Script: {fileID: 11500000, guid: ed10ff26c4a42c245ab54d091ec91a1a, type: 3}
  m_Name: 
  m_EditorClassIdentifier: 
  phaseShift: 180
  maxAngle: 15
  axis: {x: 0, y: 0, z: 1}
  rgbd: {fileID: 34261726}
--- !u!4 &1943818637
Transform:
  m_ObjectHideFlags: 0
  m_CorrespondingSourceObject: {fileID: 0}
  m_PrefabInstance: {fileID: 0}
  m_PrefabAsset: {fileID: 0}
  m_GameObject: {fileID: 1943818634}
  m_LocalRotation: {x: -0, y: 0.2164396, z: -0, w: 0.97629607}
  m_LocalPosition: {x: 13.25, y: 2.08, z: 0}
  m_LocalScale: {x: 1, y: 1, z: 1}
  m_Children:
  - {fileID: 1093760442}
  - {fileID: 1525998050}
  - {fileID: 170740010}
  - {fileID: 220728641}
  - {fileID: 905373053}
  m_Father: {fileID: 329567727}
  m_RootOrder: 6
  m_LocalEulerAnglesHint: {x: 0, y: 25, z: 0}
--- !u!114 &2121482442 stripped
MonoBehaviour:
  m_CorrespondingSourceObject: {fileID: 2848951553227001753, guid: f231b518caf5d9a4a8f2204e68fee710, type: 3}
  m_PrefabInstance: {fileID: 7538330819680270646}
  m_PrefabAsset: {fileID: 0}
  m_GameObject: {fileID: 0}
  m_Enabled: 1
  m_EditorHideFlags: 0
  m_Script: {fileID: 11500000, guid: 3a2d208f110bc73448edbcb363e581e0, type: 3}
  m_Name: 
  m_EditorClassIdentifier: 
--- !u!114 &856816954610483377 stripped
MonoBehaviour:
  m_CorrespondingSourceObject: {fileID: 8575074146140755060, guid: 8cb0b340a41edaf4a89f8d65e6554945, type: 3}
  m_PrefabInstance: {fileID: 8999545536487625925}
  m_PrefabAsset: {fileID: 0}
  m_GameObject: {fileID: 0}
  m_Enabled: 1
  m_EditorHideFlags: 0
  m_Script: {fileID: 11500000, guid: ed10ff26c4a42c245ab54d091ec91a1a, type: 3}
  m_Name: 
  m_EditorClassIdentifier: 
--- !u!1001 &2200253898206271389
PrefabInstance:
  m_ObjectHideFlags: 0
  serializedVersion: 2
  m_Modification:
    m_TransformParent: {fileID: 0}
    m_Modifications:
    - target: {fileID: 2200253898701075168, guid: 58bf3d2d71c245b4ca3cae206c2a7ee7, type: 3}
      propertyPath: m_Name
      value: LevelCommon
      objectReference: {fileID: 0}
    - target: {fileID: 2200253898701075171, guid: 58bf3d2d71c245b4ca3cae206c2a7ee7, type: 3}
      propertyPath: m_RootOrder
      value: 0
      objectReference: {fileID: 0}
    - target: {fileID: 2200253898701075171, guid: 58bf3d2d71c245b4ca3cae206c2a7ee7, type: 3}
      propertyPath: m_LocalPosition.x
      value: 0
      objectReference: {fileID: 0}
    - target: {fileID: 2200253898701075171, guid: 58bf3d2d71c245b4ca3cae206c2a7ee7, type: 3}
      propertyPath: m_LocalPosition.y
      value: 0
      objectReference: {fileID: 0}
    - target: {fileID: 2200253898701075171, guid: 58bf3d2d71c245b4ca3cae206c2a7ee7, type: 3}
      propertyPath: m_LocalPosition.z
      value: 0
      objectReference: {fileID: 0}
    - target: {fileID: 2200253898701075171, guid: 58bf3d2d71c245b4ca3cae206c2a7ee7, type: 3}
      propertyPath: m_LocalRotation.w
      value: 1
      objectReference: {fileID: 0}
    - target: {fileID: 2200253898701075171, guid: 58bf3d2d71c245b4ca3cae206c2a7ee7, type: 3}
      propertyPath: m_LocalRotation.x
      value: 0
      objectReference: {fileID: 0}
    - target: {fileID: 2200253898701075171, guid: 58bf3d2d71c245b4ca3cae206c2a7ee7, type: 3}
      propertyPath: m_LocalRotation.y
      value: 0
      objectReference: {fileID: 0}
    - target: {fileID: 2200253898701075171, guid: 58bf3d2d71c245b4ca3cae206c2a7ee7, type: 3}
      propertyPath: m_LocalRotation.z
      value: 0
      objectReference: {fileID: 0}
    - target: {fileID: 2200253898701075171, guid: 58bf3d2d71c245b4ca3cae206c2a7ee7, type: 3}
      propertyPath: m_LocalEulerAnglesHint.x
      value: 0
      objectReference: {fileID: 0}
    - target: {fileID: 2200253898701075171, guid: 58bf3d2d71c245b4ca3cae206c2a7ee7, type: 3}
      propertyPath: m_LocalEulerAnglesHint.y
      value: 0
      objectReference: {fileID: 0}
    - target: {fileID: 2200253898701075171, guid: 58bf3d2d71c245b4ca3cae206c2a7ee7, type: 3}
      propertyPath: m_LocalEulerAnglesHint.z
      value: 0
      objectReference: {fileID: 0}
    m_RemovedComponents: []
  m_SourcePrefab: {fileID: 100100000, guid: 58bf3d2d71c245b4ca3cae206c2a7ee7, type: 3}
--- !u!1001 &7538330819680270646
PrefabInstance:
  m_ObjectHideFlags: 0
  serializedVersion: 2
  m_Modification:
    m_TransformParent: {fileID: 329567727}
    m_Modifications:
    - target: {fileID: 4683103108564589430, guid: f231b518caf5d9a4a8f2204e68fee710, type: 3}
      propertyPath: m_Name
      value: UCt Rubiks (2)
      objectReference: {fileID: 0}
    - target: {fileID: 4683103108564589431, guid: f231b518caf5d9a4a8f2204e68fee710, type: 3}
      propertyPath: m_RootOrder
      value: 8
      objectReference: {fileID: 0}
    - target: {fileID: 4683103108564589431, guid: f231b518caf5d9a4a8f2204e68fee710, type: 3}
      propertyPath: m_LocalPosition.x
      value: 15.67
      objectReference: {fileID: 0}
    - target: {fileID: 4683103108564589431, guid: f231b518caf5d9a4a8f2204e68fee710, type: 3}
      propertyPath: m_LocalPosition.y
      value: 1.838
      objectReference: {fileID: 0}
    - target: {fileID: 4683103108564589431, guid: f231b518caf5d9a4a8f2204e68fee710, type: 3}
      propertyPath: m_LocalPosition.z
      value: -2.91
      objectReference: {fileID: 0}
    - target: {fileID: 4683103108564589431, guid: f231b518caf5d9a4a8f2204e68fee710, type: 3}
      propertyPath: m_LocalRotation.w
      value: 0.96126175
      objectReference: {fileID: 0}
    - target: {fileID: 4683103108564589431, guid: f231b518caf5d9a4a8f2204e68fee710, type: 3}
      propertyPath: m_LocalRotation.x
      value: 0
      objectReference: {fileID: 0}
    - target: {fileID: 4683103108564589431, guid: f231b518caf5d9a4a8f2204e68fee710, type: 3}
      propertyPath: m_LocalRotation.y
      value: 0.27563733
      objectReference: {fileID: 0}
    - target: {fileID: 4683103108564589431, guid: f231b518caf5d9a4a8f2204e68fee710, type: 3}
      propertyPath: m_LocalRotation.z
      value: 0
      objectReference: {fileID: 0}
    - target: {fileID: 4683103108564589431, guid: f231b518caf5d9a4a8f2204e68fee710, type: 3}
      propertyPath: m_LocalEulerAnglesHint.x
      value: 0
      objectReference: {fileID: 0}
    - target: {fileID: 4683103108564589431, guid: f231b518caf5d9a4a8f2204e68fee710, type: 3}
      propertyPath: m_LocalEulerAnglesHint.y
      value: 32
      objectReference: {fileID: 0}
    - target: {fileID: 4683103108564589431, guid: f231b518caf5d9a4a8f2204e68fee710, type: 3}
      propertyPath: m_LocalEulerAnglesHint.z
      value: 0
      objectReference: {fileID: 0}
    m_RemovedComponents: []
  m_SourcePrefab: {fileID: 100100000, guid: f231b518caf5d9a4a8f2204e68fee710, type: 3}
--- !u!114 &7822820017987556444 stripped
MonoBehaviour:
  m_CorrespondingSourceObject: {fileID: 1185840471025025177, guid: 8cb0b340a41edaf4a89f8d65e6554945, type: 3}
  m_PrefabInstance: {fileID: 8999545536487625925}
  m_PrefabAsset: {fileID: 0}
  m_GameObject: {fileID: 0}
  m_Enabled: 1
  m_EditorHideFlags: 0
  m_Script: {fileID: 11500000, guid: 3a2d208f110bc73448edbcb363e581e0, type: 3}
  m_Name: 
  m_EditorClassIdentifier: 
--- !u!1001 &8673874675363601470
PrefabInstance:
  m_ObjectHideFlags: 0
  serializedVersion: 2
  m_Modification:
    m_TransformParent: {fileID: 0}
    m_Modifications:
    - target: {fileID: 8673874675578160915, guid: cc12a450405a6da4d972fa6e0f78dfa1, type: 3}
      propertyPath: lastItem
      value: 
      objectReference: {fileID: 424484380}
    - target: {fileID: 8673874675578160915, guid: cc12a450405a6da4d972fa6e0f78dfa1, type: 3}
      propertyPath: tempErrorText
      value: 
      objectReference: {fileID: 13302157}
    - target: {fileID: 8673874675578160915, guid: cc12a450405a6da4d972fa6e0f78dfa1, type: 3}
      propertyPath: nextItems.Array.size
      value: 5
      objectReference: {fileID: 0}
    - target: {fileID: 8673874675578160915, guid: cc12a450405a6da4d972fa6e0f78dfa1, type: 3}
      propertyPath: nextItems.Array.data[0]
      value: 
      objectReference: {fileID: 1539405659}
    - target: {fileID: 8673874675578160915, guid: cc12a450405a6da4d972fa6e0f78dfa1, type: 3}
      propertyPath: nextItems.Array.data[1]
      value: 
      objectReference: {fileID: 1082571623}
    - target: {fileID: 8673874675578160915, guid: cc12a450405a6da4d972fa6e0f78dfa1, type: 3}
      propertyPath: nextItems.Array.data[2]
      value: 
      objectReference: {fileID: 7822820017987556444}
    - target: {fileID: 8673874675578160915, guid: cc12a450405a6da4d972fa6e0f78dfa1, type: 3}
      propertyPath: nextItems.Array.data[3]
      value: 
      objectReference: {fileID: 2121482442}
    - target: {fileID: 8673874675578160915, guid: cc12a450405a6da4d972fa6e0f78dfa1, type: 3}
      propertyPath: nextItems.Array.data[4]
      value: 
      objectReference: {fileID: 530068777}
    - target: {fileID: 8673874675591877072, guid: cc12a450405a6da4d972fa6e0f78dfa1, type: 3}
      propertyPath: m_Name
      value: LevelSpecific
      objectReference: {fileID: 0}
    - target: {fileID: 8673874675591877073, guid: cc12a450405a6da4d972fa6e0f78dfa1, type: 3}
      propertyPath: m_RootOrder
      value: 1
      objectReference: {fileID: 0}
    - target: {fileID: 8673874675591877073, guid: cc12a450405a6da4d972fa6e0f78dfa1, type: 3}
      propertyPath: m_LocalPosition.x
      value: 0
      objectReference: {fileID: 0}
    - target: {fileID: 8673874675591877073, guid: cc12a450405a6da4d972fa6e0f78dfa1, type: 3}
      propertyPath: m_LocalPosition.y
      value: 0
      objectReference: {fileID: 0}
    - target: {fileID: 8673874675591877073, guid: cc12a450405a6da4d972fa6e0f78dfa1, type: 3}
      propertyPath: m_LocalPosition.z
      value: 0
      objectReference: {fileID: 0}
    - target: {fileID: 8673874675591877073, guid: cc12a450405a6da4d972fa6e0f78dfa1, type: 3}
      propertyPath: m_LocalRotation.w
      value: 1
      objectReference: {fileID: 0}
    - target: {fileID: 8673874675591877073, guid: cc12a450405a6da4d972fa6e0f78dfa1, type: 3}
      propertyPath: m_LocalRotation.x
      value: 0
      objectReference: {fileID: 0}
    - target: {fileID: 8673874675591877073, guid: cc12a450405a6da4d972fa6e0f78dfa1, type: 3}
      propertyPath: m_LocalRotation.y
      value: 0
      objectReference: {fileID: 0}
    - target: {fileID: 8673874675591877073, guid: cc12a450405a6da4d972fa6e0f78dfa1, type: 3}
      propertyPath: m_LocalRotation.z
      value: 0
      objectReference: {fileID: 0}
    - target: {fileID: 8673874675591877073, guid: cc12a450405a6da4d972fa6e0f78dfa1, type: 3}
      propertyPath: m_LocalEulerAnglesHint.x
      value: 0
      objectReference: {fileID: 0}
    - target: {fileID: 8673874675591877073, guid: cc12a450405a6da4d972fa6e0f78dfa1, type: 3}
      propertyPath: m_LocalEulerAnglesHint.y
      value: 0
      objectReference: {fileID: 0}
    - target: {fileID: 8673874675591877073, guid: cc12a450405a6da4d972fa6e0f78dfa1, type: 3}
      propertyPath: m_LocalEulerAnglesHint.z
      value: 0
      objectReference: {fileID: 0}
    m_RemovedComponents: []
  m_SourcePrefab: {fileID: 100100000, guid: cc12a450405a6da4d972fa6e0f78dfa1, type: 3}
--- !u!1001 &8999545536487625925
PrefabInstance:
  m_ObjectHideFlags: 0
  serializedVersion: 2
  m_Modification:
    m_TransformParent: {fileID: 329567727}
    m_Modifications:
    - target: {fileID: 1185840471025025177, guid: 8cb0b340a41edaf4a89f8d65e6554945, type: 3}
      propertyPath: nextAttachRange
      value: 0.5
      objectReference: {fileID: 0}
    - target: {fileID: 8575074146140755062, guid: 8cb0b340a41edaf4a89f8d65e6554945, type: 3}
      propertyPath: m_Name
      value: Plank
      objectReference: {fileID: 0}
    - target: {fileID: 8575074146140755063, guid: 8cb0b340a41edaf4a89f8d65e6554945, type: 3}
      propertyPath: m_RootOrder
      value: 5
      objectReference: {fileID: 0}
    - target: {fileID: 8575074146140755063, guid: 8cb0b340a41edaf4a89f8d65e6554945, type: 3}
      propertyPath: m_LocalPosition.x
      value: 13.25
      objectReference: {fileID: 0}
    - target: {fileID: 8575074146140755063, guid: 8cb0b340a41edaf4a89f8d65e6554945, type: 3}
      propertyPath: m_LocalPosition.y
      value: -0.08
      objectReference: {fileID: 0}
    - target: {fileID: 8575074146140755063, guid: 8cb0b340a41edaf4a89f8d65e6554945, type: 3}
      propertyPath: m_LocalPosition.z
      value: 0.49
      objectReference: {fileID: 0}
    - target: {fileID: 8575074146140755063, guid: 8cb0b340a41edaf4a89f8d65e6554945, type: 3}
      propertyPath: m_LocalRotation.w
      value: 0.953717
      objectReference: {fileID: 0}
    - target: {fileID: 8575074146140755063, guid: 8cb0b340a41edaf4a89f8d65e6554945, type: 3}
      propertyPath: m_LocalRotation.x
      value: -0
      objectReference: {fileID: 0}
    - target: {fileID: 8575074146140755063, guid: 8cb0b340a41edaf4a89f8d65e6554945, type: 3}
      propertyPath: m_LocalRotation.y
      value: -0.30070576
      objectReference: {fileID: 0}
    - target: {fileID: 8575074146140755063, guid: 8cb0b340a41edaf4a89f8d65e6554945, type: 3}
      propertyPath: m_LocalRotation.z
      value: -0
      objectReference: {fileID: 0}
    - target: {fileID: 8575074146140755063, guid: 8cb0b340a41edaf4a89f8d65e6554945, type: 3}
      propertyPath: m_LocalEulerAnglesHint.x
      value: 0
      objectReference: {fileID: 0}
    - target: {fileID: 8575074146140755063, guid: 8cb0b340a41edaf4a89f8d65e6554945, type: 3}
      propertyPath: m_LocalEulerAnglesHint.y
      value: -35
      objectReference: {fileID: 0}
    - target: {fileID: 8575074146140755063, guid: 8cb0b340a41edaf4a89f8d65e6554945, type: 3}
      propertyPath: m_LocalEulerAnglesHint.z
      value: 0
      objectReference: {fileID: 0}
    m_RemovedComponents: []
  m_SourcePrefab: {fileID: 100100000, guid: 8cb0b340a41edaf4a89f8d65e6554945, type: 3}
